@misc{frangella2021randomizednystrompreconditioning,
      title={Randomized Nystr\"om Preconditioning}, 
      author={Zachary Frangella and Joel A. Tropp and Madeleine Udell},
      year={2021},
      eprint={2110.02820},
      archivePrefix={arXiv},
      primaryClass={math.NA},
      url={https://arxiv.org/abs/2110.02820}, 
}